@article{fork_injuries,
  author          = {James W. Collins},
  journal         = {American journal of industrial medicine},
  title           = {Injuries related to forklifts and other powered industrial vehicles in automobile manufacturing},
  issue          = {5},
  year            = {1999}
}

@article{pallet_handling,
  author          = {Ryosuke Iinuma, Yusuke Kojima, Hiroyuki Onoyama},
  journal         = {Journal of Robotics and Mechatronics},
  issue           = {5},
  title           = {Pallet Handling System with an Autonomous Forklift for Outdoor Fields},
  volume          = {32},
  year            = {2020}
}

@article{aging_population,
  author          = {Kanasi, Eleni},
  journal         = {Periodontology 2000 },
  number          = {1},
  title           = {The aging population: demographics and the biology of aging},
  year            = {2000}
}

@misc{esp32_ref_manuel,
  author          = {Espressif Systems},
  version         = {5.0},
  howpublished    = {espressif.com},
  title           = {Technical Reference Manual},
  year            = {2023}
}

@book{friction_coefficient,
  author          = {Barrett,Richard T},
  year            = {1990},
  title           = {Fastener Design Manuel},
  publisher         = {NTRS NASA Technical Reports Server},  
  edition        = {1},     
  
}


@article{copper_recovery,
  author = {Cristina Cocchiara and Sorin-Aurel Dorneanu and Rosalinda Inguanta and Carmelo Sunseri and Petru Ilea},
  journal         = {Journal of Cleaner Production},
  title           = {Dismantling and electrochemical copper recovery from Waste Printed Circuit Boards in H2SO4–CuSO4–NaCl solutions},
  volume          = {230},
  year            = {2019}
}